[gd_scene load_steps=8 format=2]

[ext_resource path="res://scripts/classes/actors/player_ship.gd" type="Script" id=1]
[ext_resource path="res://models/turrets/hornet_turret/hornet_turret.tscn" type="PackedScene" id=2]
[ext_resource path="res://models/ships/ipc/hornet/hornet.tscn" type="PackedScene" id=3]
[ext_resource path="res://scripts/classes/misc/weapon.gd" type="Script" id=4]

[sub_resource type="BoxShape" id=1]
extents = Vector3( 0.820197, 0.568583, 2.95863 )

[sub_resource type="BoxShape" id=2]
extents = Vector3( 0.304962, 0.425227, 1.82489 )

[sub_resource type="BoxShape" id=3]
extents = Vector3( 1.23379, 0.145612, 0.63531 )

[node name="Player" type="KinematicBody" groups=[
"bomber",
"faction_ipc",
]]
collision_layer = 3
collision_mask = 3
script = ExtResource( 1 )
MAX_VELOCITY = 15.0
MAX_STRAFE_VELOCITY = 14.5
weapon_node_path = NodePath("Weapons")
turret_node_path = NodePath("Turrets")

[node name="Weapons" type="Node" parent="."]

[node name="Weapon" type="Node" parent="Weapons"]
script = ExtResource( 4 )
rate_of_fire = 10.0
damage_per_shot = 8.0
damage_per_second = 80.0
projectile_name = "blue_energy_bullet"
egress_node_paths = [ NodePath("../../Turrets/HornetTurretBottomRight"), NodePath("../../Turrets/HornetTurretTopLeft"), NodePath("../../Turrets/HornetTurretTopRight"), NodePath("../../Turrets/HornetTurretBottomLeft") ]

[node name="Missile" type="Node" parent="Weapons"]
script = ExtResource( 4 )
firing_mode = 1
rate_of_fire = 0.667
damage_per_shot = 80.0
damage_per_second = 53.36
projectile_name = "missile"
egress_node_paths = [ NodePath("../../MissileEgressNode") ]

[node name="HornetMesh" parent="." instance=ExtResource( 3 )]
transform = Transform( -0.5, 0, -1.94707e-07, 0, 0.5, 0, 1.94707e-07, 0, -0.5, 0, 0, 0 )

[node name="Turrets" type="Spatial" parent="."]

[node name="HornetTurretTopLeft" parent="Turrets" instance=ExtResource( 2 )]
transform = Transform( -0.5, 0, 1.62921e-07, 0, 0.5, 0, -1.62921e-07, 0, -0.5, 2.012, 0.392, -0.676 )

[node name="HornetTurretTopRight" parent="Turrets" instance=ExtResource( 2 )]
transform = Transform( -0.5, 0, 7.54979e-08, 0, 0.5, 0, -7.54979e-08, 0, -0.5, -2.012, 0.392, -0.676 )

[node name="HornetTurretBottomLeft" parent="Turrets" instance=ExtResource( 2 )]
transform = Transform( 0.5, -1.62921e-07, -1.62921e-07, -1.62921e-07, -0.5, 0, -1.62921e-07, 5.30863e-14, -0.5, 2.012, -0.392, -0.676 )

[node name="HornetTurretBottomRight" parent="Turrets" instance=ExtResource( 2 )]
transform = Transform( 0.5, -1.62921e-07, -1.62921e-07, -1.62921e-07, -0.5, 0, -1.62921e-07, 5.30863e-14, -0.5, -2.012, -0.392, -0.676 )

[node name="CameraPivot" type="Spatial" parent="."]

[node name="Camera" type="Camera" parent="CameraPivot"]
transform = Transform( -1, 0, -3.25841e-07, -3.08559e-08, 0.995506, 0.0946961, 3.24377e-07, 0.0946961, -0.995506, 0, 2.58925, -6.30375 )
current = true
fov = 80.0
far = 500.0

[node name="CollisionFuselage" type="CollisionShape" parent="."]
transform = Transform( 1, 0, 0, 0, 1, 0, 0, 0, 1, 0, 0.0628567, 0.19693 )
shape = SubResource( 1 )

[node name="CollisionThrusterRight" type="CollisionShape" parent="."]
transform = Transform( 1, 0, 0, 0, 1, 0, 0, 0, 1, -2.01147, 0, -1.00421 )
shape = SubResource( 2 )

[node name="CollisionThrusterLeft" type="CollisionShape" parent="."]
transform = Transform( 1, 0, 0, 0, 1, 0, 0, 0, 1, 2.01147, 0, -1.00421 )
shape = SubResource( 2 )

[node name="CollisionWingRight" type="CollisionShape" parent="."]
transform = Transform( 0.567874, 0, -0.823115, 0, 1, 0, 0.823115, 0, 0.567874, -0.9585, 0, -0.127294 )
shape = SubResource( 3 )

[node name="CollisionWingLeft" type="CollisionShape" parent="."]
transform = Transform( 0.567874, 0, 0.823115, 0, 1, 0, -0.823115, 0, 0.567874, 0.9585, 0, -0.127294 )
shape = SubResource( 3 )

[node name="MissileEgressNode" type="Position3D" parent="."]
transform = Transform( -1, 0, -3.25841e-07, 0, 1, 0, 3.25841e-07, 0, -1, 0, -1.25, 0 )
