[gd_scene load_steps=8 format=2]

[ext_resource path="res://models/turrets/railgunship_turret/railgunship_turret.tscn" type="PackedScene" id=1]
[ext_resource path="res://models/ships/ipc/railgunship/railgunship.tscn" type="PackedScene" id=2]
[ext_resource path="res://models/ships/ipc/railgunship/collisions/fuselage_bow.tres" type="Shape" id=3]
[ext_resource path="res://models/ships/ipc/railgunship/collisions/engine_l.tres" type="Shape" id=4]
[ext_resource path="res://models/ships/ipc/railgunship/collisions/fuselage_aft.tres" type="Shape" id=5]
[ext_resource path="res://models/ships/ipc/railgunship/collisions/bridge.tres" type="Shape" id=6]

[sub_resource type="BoxShape" id=1]
extents = Vector3( 1.66092, 2.66238, 19.9061 )

[node name="Railgunship" type="KinematicBody"]

[node name="RailgunshipMesh" parent="." instance=ExtResource( 2 )]

[node name="Turrets" type="Spatial" parent="."]

[node name="RailgunshipTurretTop" parent="Turrets" instance=ExtResource( 1 )]
transform = Transform( 1, 0, 0, 0, 1, 0, 0, 0, 1, 1.63913e-07, 3.88035, -8.18487 )

[node name="RailgunshipTurretTop2" parent="Turrets" instance=ExtResource( 1 )]
transform = Transform( 1, 0, 0, 0, 1, 0, 0, 0, 1, 1.63913e-07, 3.38035, -21.1849 )

[node name="RailgunshipTurretTop3" parent="Turrets" instance=ExtResource( 1 )]
transform = Transform( 1, 0, 0, 0, 1, 0, 0, 0, 1, 1.63913e-07, 2.88035, -34.1849 )

[node name="RailgunshipTurretBottom" parent="Turrets" instance=ExtResource( 1 )]
transform = Transform( -1, -3.25841e-07, 0, 3.25841e-07, -1, 0, 0, 0, 1, 0, -7.417, -8.185 )

[node name="RailgunshipTurretBottom2" parent="Turrets" instance=ExtResource( 1 )]
transform = Transform( -1, -3.25841e-07, 0, 3.25841e-07, -1, 0, 0, 0, 1, 0, -6.96395, -21.1849 )

[node name="RailgunshipTurretBottom3" parent="Turrets" instance=ExtResource( 1 )]
transform = Transform( -1, -3.25841e-07, 0, 3.25841e-07, -1, 0, 0, 0, 1, 0, -6.51142, -34.1849 )

[node name="Bridge" type="CollisionShape" parent="."]
transform = Transform( 1, 0, 0, 0, 1, 0, 0, 0, 1, 1.63913e-07, 2.95497, 32.2737 )
shape = ExtResource( 6 )

[node name="EngineLeft" type="CollisionShape" parent="."]
transform = Transform( 1, 0, 0, 0, 1, 0, 0, 0, 1, 1.63913e-07, -0.654387, 29.2097 )
shape = ExtResource( 4 )

[node name="EngineRight" type="CollisionShape" parent="."]
transform = Transform( -1, 0, 0, 0, 1, 0, 0, 0, 1, 1.63913e-07, -0.654387, 29.2097 )
shape = ExtResource( 4 )

[node name="FuselageBow" type="CollisionShape" parent="."]
transform = Transform( 1, 0, 0, 0, 1, 0, 0, 0, 1, 1.63913e-07, 2.95497, 29.7737 )
shape = ExtResource( 3 )

[node name="FuselageAft" type="CollisionShape" parent="."]
transform = Transform( 1, 0, 0, 0, 1, 0, 0, 0, 1, 1.63913e-07, 2.95497, 29.7737 )
shape = ExtResource( 5 )

[node name="RailgunLeft" type="CollisionShape" parent="."]
transform = Transform( 1, 0, 0, 0, 1, 0, 0, 0, 1, -7.255, -1.623, -27.124 )
shape = SubResource( 1 )

[node name="RailgunRight" type="CollisionShape" parent="."]
transform = Transform( 1, 0, 0, 0, 1, 0, 0, 0, 1, 7.25465, -1.62265, -27.1237 )
shape = SubResource( 1 )
