[gd_scene load_steps=4 format=2]

[ext_resource path="res://scenes/gui/menus/lobby/lobby.gd" type="Script" id=1]
[ext_resource path="res://textures/gui/loading_circle.png" type="Texture" id=2]

[sub_resource type="Animation" id=1]
resource_name = "loading"
length = 2.0
loop = true
tracks/0/type = "value"
tracks/0/path = NodePath("LoadingCircle:rotation_degrees")
tracks/0/interp = 1
tracks/0/loop_wrap = true
tracks/0/imported = false
tracks/0/enabled = true
tracks/0/keys = {
"times": PoolRealArray( 0, 0.5, 1, 1.5, 2 ),
"transitions": PoolRealArray( 1, 1, 1, 1, 1 ),
"update": 0,
"values": [ 0.0, 90.0, 180.0, 270.0, 360.0 ]
}

[node name="Lobby" type="Control"]
anchor_right = 1.0
anchor_bottom = 1.0
script = ExtResource( 1 )

[node name="DirectConnect" type="Control" parent="."]
margin_left = 772.018
margin_top = 249.085
margin_right = 812.018
margin_bottom = 289.085
__meta__ = {
"_edit_group_": true,
"_edit_use_anchors_": false
}

[node name="Panel" type="Panel" parent="DirectConnect"]
margin_top = -17.0
margin_right = 200.0
margin_bottom = 164.0

[node name="Host" type="Control" parent="DirectConnect"]
margin_right = 40.0
margin_bottom = 40.0
__meta__ = {
"_edit_group_": true,
"_edit_use_anchors_": false
}

[node name="Port" type="TextEdit" parent="DirectConnect/Host"]
margin_left = -2.0
margin_top = 2.0
margin_right = 201.0
margin_bottom = 42.0
text = "2000"

[node name="Host" type="Button" parent="DirectConnect/Host"]
margin_left = -2.0
margin_top = 42.0
margin_right = 201.0
margin_bottom = 62.0
text = "HOST"

[node name="Join" type="Control" parent="DirectConnect"]
margin_left = -0.32354
margin_top = 59.2066
margin_right = 39.6765
margin_bottom = 99.2066
__meta__ = {
"_edit_group_": true,
"_edit_use_anchors_": false
}

[node name="Ip" type="TextEdit" parent="DirectConnect/Join"]
margin_left = -2.0
margin_top = 3.0
margin_right = 201.0
margin_bottom = 43.0
text = "127.0.0.1"

[node name="Join" type="Button" parent="DirectConnect/Join"]
margin_left = -1.0
margin_top = 83.0
margin_right = 200.0
margin_bottom = 103.0
text = "JOIN"

[node name="Port" type="TextEdit" parent="DirectConnect/Join"]
margin_left = -2.0
margin_top = 43.0
margin_right = 201.0
margin_bottom = 83.0
text = "2000
"

[node name="Label" type="Label" parent="DirectConnect"]
margin_left = -2.04388
margin_top = -12.5555
margin_right = 111.956
margin_bottom = 1.44447
text = "DIRECT CONNECT:"

[node name="Login" type="Control" parent="."]
margin_left = 55.8671
margin_top = 252.099
margin_right = 95.8675
margin_bottom = 292.099
__meta__ = {
"_edit_group_": true
}

[node name="Email" type="LineEdit" parent="Login"]
margin_right = 208.0
margin_bottom = 24.0
placeholder_text = "mordinsolus@example.com"
placeholder_alpha = 0.25

[node name="Password" type="LineEdit" parent="Login"]
margin_top = 26.0
margin_right = 208.0
margin_bottom = 50.0
secret = true
placeholder_text = "************************"
placeholder_alpha = 0.25

[node name="LoginButton" type="Button" parent="Login"]
margin_left = -0.647
margin_top = 52.0
margin_right = 210.353
margin_bottom = 72.0
text = "Login"

[node name="LoginStatus" type="Label" parent="Login"]
margin_left = -2.0
margin_top = 74.0
margin_right = 210.0
margin_bottom = 88.0
text = "NOT LOGGED IN"
align = 1
valign = 1

[node name="SaveLogin" type="CheckBox" parent="Login"]
margin_left = 211.601
margin_top = 50.0941
margin_right = 235.601
margin_bottom = 74.0941
text = "Save login"

[node name="Start" type="Button" parent="."]
margin_left = 83.3075
margin_top = 353.053
margin_right = 232.308
margin_bottom = 373.053
disabled = true
text = "START"

[node name="Status" type="Label" parent="Start"]
margin_left = 49.9799
margin_top = 24.4609
margin_right = 96.9799
margin_bottom = 55.4609
text = "STATUS
"
align = 1
valign = 1

[node name="AnimationPlayer" type="AnimationPlayer" parent="Start"]
anims/loading = SubResource( 1 )

[node name="LoadingCircle" type="Sprite" parent="Start"]
visible = false
position = Vector2( 66.7916, 78.4895 )
scale = Vector2( 0.125, 0.125 )
texture = ExtResource( 2 )
[connection signal="pressed" from="DirectConnect/Host/Host" to="." method="_on_host_pressed"]
[connection signal="pressed" from="DirectConnect/Join/Join" to="." method="_on_join_pressed"]
[connection signal="text_entered" from="Login/Email" to="." method="_on_email_text_entered"]
[connection signal="text_entered" from="Login/Password" to="." method="_on_password_text_entered"]
[connection signal="pressed" from="Login/LoginButton" to="." method="_on_login_pressed"]
[connection signal="pressed" from="Start" to="." method="_on_start_pressed"]
