[gd_scene load_steps=12 format=2]

[ext_resource path="res://models/ships/ipc/atlas/atlas_mesh.tscn" type="PackedScene" id=1]

[sub_resource type="Gradient" id=1]
offsets = PoolRealArray( 0.387, 1 )
colors = PoolColorArray( 0.341176, 0.741176, 1, 1, 1, 1, 1, 1 )

[sub_resource type="GradientTexture" id=2]
gradient = SubResource( 1 )

[sub_resource type="Curve" id=3]
_data = [ Vector2( 0, 1 ), 0.0, 0.0, 0, 0, Vector2( 1, 0 ), -0.502027, 0.0, 0, 0 ]

[sub_resource type="CurveTexture" id=4]
curve = SubResource( 3 )

[sub_resource type="ParticlesMaterial" id=5]
direction = Vector3( 0, 0, 1 )
spread = 1.0
flatness = 0.25
gravity = Vector3( 0, 0, 0 )
initial_velocity = 4.0
scale_random = 0.13
scale_curve = SubResource( 4 )
color_ramp = SubResource( 2 )

[sub_resource type="SpatialMaterial" id=6]
vertex_color_use_as_albedo = true
emission_enabled = true
emission = Color( 0.329412, 0.701961, 1, 1 )
emission_energy = 1.0
emission_operator = 0
emission_on_uv2 = false

[sub_resource type="CubeMesh" id=7]
material = SubResource( 6 )
size = Vector3( 1.25, 1.75, 2 )

[sub_resource type="BoxShape" id=8]
extents = Vector3( 4, 3.08658, 10.3145 )

[sub_resource type="BoxShape" id=9]
extents = Vector3( 2.96919, 1.0441, 1.02792 )

[sub_resource type="BoxShape" id=10]
extents = Vector3( 0.834336, 1.18289, 7.11714 )

[node name="Atlas" type="KinematicBody" groups=[
"transport",
]]

[node name="PartRight" type="Particles" parent="."]
transform = Transform( -1, 0, -3.25841e-07, 0, 1, 0, 3.25841e-07, 0, -1, -7.31836, 1.41148, -9.13651 )
amount = 32
lifetime = 1.5
visibility_aabb = AABB( -25, -25, -25, 50, 50, 50 )
local_coords = false
process_material = SubResource( 5 )
draw_pass_1 = SubResource( 7 )

[node name="PartLeft" type="Particles" parent="."]
transform = Transform( -1, 0, -3.25841e-07, 0, 1, 0, 3.25841e-07, 0, -1, 7.318, 1.411, -9.137 )
amount = 32
lifetime = 1.5
visibility_aabb = AABB( -25, -25, -25, 50, 50, 50 )
local_coords = false
process_material = SubResource( 5 )
draw_pass_1 = SubResource( 7 )

[node name="Fuselage" type="CollisionShape" parent="."]
transform = Transform( 1, 0, 0, 0, 1, 0, 0, 0, 1, 0, -0.09518, -0.172656 )
shape = SubResource( 8 )

[node name="Cockpit" type="CollisionShape" parent="."]
transform = Transform( 1, 0, 0, 0, 1, 0, 0, 0, 1, 0, 1.39731, 10.4633 )
shape = SubResource( 9 )

[node name="ThrusterRight" type="CollisionShape" parent="."]
transform = Transform( 1, 0, 0, 0, 1, 0, 0, 0, 1, -7.31811, 1.31926, -2.04005 )
shape = SubResource( 10 )

[node name="ThrusterLeft" type="CollisionShape" parent="."]
transform = Transform( 1, 0, 0, 0, 1, 0, 0, 0, 1, 7.318, 1.319, -2.04 )
shape = SubResource( 10 )

[node name="AtlasMesh" parent="." instance=ExtResource( 1 )]
